@techreport{Stark00theproblem,
  author = {Robert F. St\"{a}rk and Joachim Schmid},
  title = {The Problem of Bytecode Verification in Current Implementations of the {JVM}},
  institution = {ETH Z{\"u}rich},
  year = {2000}
}

@inproceedings{soda/DaskalakisKMRV09,
  author = {Daskalakis, Constantinos and Karp, Richard M. and Mossel, Elchanan and Riesenfeld, Samantha and Verbin, Elad},
  title = {Sorting and selection in posets},
  booktitle = {Proc. of the 20th Annual {ACM-SIAM} {S}ymp. on {D}iscrete {A}lgorithms},
  series = {SODA '09},
  year = {2009},
  location = {New York, New York},
  pages = {392--401},
  numpages = {10},
  url = {http://dl.acm.org/citation.cfm?id=1496770.1496814},
  acmid = {1496814},
  publisher = {Society for Industrial and Applied Mathematics},
  address = {Philadelphia, PA, USA},
}

@inproceedings{popl/AnconaZ04,
  author = {Ancona, Davide and Zucca, Elena},
  title = {Principal typings for {J}ava-like languages},
  crossref = {popl:2004},
  pages = {306--317},
  numpages = {12},
  doi = {10.1145/964001.964027},
  acmid = {964027},
}

@inproceedings{popl/AnconaDDZ05,
  author = {Ancona, Davide and Damiani, Ferruccio and Drossopoulou, Sophia and Zucca, Elena},
  title = {Polymorphic bytecode: compositional compilation for {J}ava-like languages},
  crossref = {popl:2005},
  pages = {26--37},
  numpages = {12},
  doi = {10.1145/1040305.1040308},
  acmid = {1040308},
}

@inproceedings{Ancona04even,
  author = {Davide Ancona and Ferruccio Damiani and Sophia Drossopoulou and Elena Zucca and Disi Universit{\`{a}} Di Genova},
  title = {Even More Principal Typings for {J}ava-like Languages},
  booktitle = {{ECOOP} {W}orkshop on {F}ormal {T}echniques for {J}ava {P}rograms ({FT}f{JP})},
  year = {2004}
}
