@misc{www:wala-reflection,
  title = {{WALA} {U}ser{G}uide: {P}ointer{A}nalysis},
  author = {Stephen J. Fink and others},
  howpublished = {\url{http://wala.sourceforge.net/wiki/index.php/UserGuide:PointerAnalysis}},
}
