@article{journals/cacm/Hoare69,
  author    = {C. A. R. Hoare},
  title     = {An Axiomatic Basis for Computer Programming},
  journal   = {Commun. {ACM}},
  volume    = {12},
  number    = {10},
  pages     = {576--580},
  year      = {1969},
  doi       = {10.1145/363235.363259},
}

@inproceedings{floyd1967assigning,
  author    = {Floyd, Robert W},
  title     = {Assigning Meanings to Programs},
  volume    = {19},
  year      = {1967},
  booktitle = {Proc. of {S}ymp. in {A}pplied {M}athematics},
  booksubtitle = {Mathematical Aspects of Computer Science},
  editor    = {J. T. Schwartz},
  publisher = {American Mathematical Society},
  pages     = {19--32},
  year      = {1967},
  venue     = {Providence, Rhode Island},
}

@inproceedings{popl/CousotC77,
  author    = {Patrick Cousot and Radhia Cousot},
  title     = {Abstract Interpretation: {A} Unified Lattice Model for Static Analysis
               of Programs by Construction or Approximation of Fixpoints},
  pages     = {238--252},
  crossref  = {popl:1977},
  doi       = {10.1145/512950.512973},
}

@article{journals/jlp/CousotC92,
  author    = {Patrick Cousot and Radhia Cousot},
  title     = {Abstract Interpretation and Application to Logic Programs},
  journal   = {Logic Programming},
  volume    = {13},
  number    = {2{\&}3},
  pages     = {103--179},
  year      = {1992},
  doi       = {10.1016/0743-1066(92)90030-7},
}

@article{journals/logcom/CousotC92,
  author    = {Patrick Cousot and Radhia Cousot},
  title     = {Abstract Interpretation Frameworks},
  journal   = {Logic and Computation},
  volume    = {2},
  number    = {4},
  pages     = {511--547},
  year      = {1992},
  doi       = {10.1093/logcom/2.4.511},
}
